\usepackage[style=alphabetic,maxnames=4,minnames=3,maxbibnames=99]{biblatex}

@article{Kambhamettu2022OnTN,
    title   = {On the Naturalness of Fuzzer-Generated Code},
    author  = {Hita Kambhamettu and John Billos and Tomi Oluwaseun-Apo and Benjamin Gafford and Rohan Padhye and Vincent J. Hellendoorn},
    journal = {2022 IEEE/ACM 19th International Conference on Mining Software Repositories (MSR)},
    year    = {2022},
    pages   = {506-510},
    url     = {https://api.semanticscholar.org/CorpusID:246824905}
}
@inproceedings{10.1145/2939672.2939785,
    author    = {Chen, Tianqi and Guestrin, Carlos},
    title     = {XGBoost: A Scalable Tree Boosting System},
    year      = {2016},
    isbn      = {9781450342322},
    publisher = {Association for Computing Machinery},
    address   = {New York, NY, USA},
    url       = {https://doi.org/10.1145/2939672.2939785},
    doi       = {10.1145/2939672.2939785},
    abstract  = {Tree boosting is a highly effective and widely used machine learning method. In this paper, we describe a scalable end-to-end tree boosting system called XGBoost, which is used widely by data scientists to achieve state-of-the-art results on many machine learning challenges. We propose a novel sparsity-aware algorithm for sparse data and weighted quantile sketch for approximate tree learning. More importantly, we provide insights on cache access patterns, data compression and sharding to build a scalable tree boosting system. By combining these insights, XGBoost scales beyond billions of examples using far fewer resources than existing systems.},
    booktitle = {Proceedings of the 22nd ACM SIGKDD International Conference on Knowledge Discovery and Data Mining},
    pages     = {785â€“794},
    numpages  = {10},
    keywords  = {large-scale machine learning},
    location  = {San Francisco, California, USA},
    series    = {KDD '16}
}
@article{JMLR:v9:vandermaaten08a,
    author  = {Laurens van der Maaten and Geoffrey Hinton},
    title   = {Visualizing Data using t-SNE},
    journal = {Journal of Machine Learning Research},
    year    = {2008},
    volume  = {9},
    number  = {86},
    pages   = {2579--2605},
    url     = {http://jmlr.org/papers/v9/vandermaaten08a.html}
}
@article{scikit-learn,
    title   = {Scikit-learn: Machine Learning in {P}ython},
    author  = {Pedregosa, F. and Varoquaux, G. and Gramfort, A. and Michel, V.
               and Thirion, B. and Grisel, O. and Blondel, M. and Prettenhofer, P.
               and Weiss, R. and Dubourg, V. and Vanderplas, J. and Passos, A. and
               Cournapeau, D. and Brucher, M. and Perrot, M. and Duchesnay, E.},
    journal = {Journal of Machine Learning Research},
    volume  = {12},
    pages   = {2825--2830},
    year    = {2011}
}